@misc{wiki-mvc,
	author = "Wikipedia",
	title = "Model-View-Controller",
	year = "2016",
	howpublished = "\url{https://ru.wikipedia.org/wiki/Model-View-Controller/}",
	note = "[Online; accessed 28-May-2016]"
 }

@misc{wiki-tomcat,
	author = "Wikipedia",
	title = "Apache Tomcat",
	year = "2016",
	howpublished = "\url{https://ru.wikipedia.org/wiki/Apache_Tomcat}",
	note = "[Online; accessed 28-May-2016]"
 }

@misc{wiki-orm,
	author = "Wikipedia",
	title = "ORM",
	year = "2016",
	howpublished = "\url{https://ru.wikipedia.org/wiki/ORM}",
	note = "[Online; accessed 28-May-2016]"
 }

@misc{java-course-jsp,
	author = "{Java course}",
	title = "JSP – расширяем возможности представления",
	year = "2016",
	howpublished = "\url{http://java-course.ru/student/book1/jsp/}",
	note = "[Online; accessed 28-May-2016]"
 }

@misc{java-course-servlet,
	author = "{Java course}",
	title = "Интернет-приложения на JAVA",
	year = "2016",
	howpublished = "\url{http://java-course.ru/student/book1/servlet/}",
	note = "[Online; accessed 28-May-2016]"
 }

@misc{java-course-servlet,
	author = "Александр Барчук",
	title = "JPA работа с базой данных",
	year = "2013",
	howpublished = "\url{http://devcolibri.com/1658}",
	note = "[Online; accessed 28-May-2016]"
 }

@misc{bootstrap,
	author = "Bootstrap",
	title = "Компоненты",
	year = "2016",
	howpublished = "\url{http://bootstrap-3.ru/components.php}",
	note = "[Online; accessed 28-May-2016]"
}

